<record><leader>00000cas a22000007a 4500</leader><controlfield tag="001">22392943</controlfield><controlfield tag="008">900917d18811884njuwr ne      0    0eng d</controlfield><datafield ind1=" " ind2=" " tag="010"><subfield code="a">sn 90063035 </subfield></datafield><datafield ind1=" " ind2=" " tag="040"><subfield code="a">NJW</subfield><subfield code="b">eng</subfield><subfield code="c">NJW</subfield><subfield code="d">OCLCQ</subfield></datafield><datafield ind1=" " ind2=" " tag="042"><subfield code="a">msc</subfield></datafield><datafield ind1="0" ind2=" " tag="130"><subfield code="a">Crab (Ocean Beach, N.J.)</subfield></datafield><datafield ind1="1" ind2="4" tag="245"><subfield code="a">The crab.</subfield></datafield><datafield ind1=" " ind2=" " tag="260"><subfield code="a">Ocean Beach, N.J. :</subfield><subfield code="b">R.P. Miller</subfield></datafield><datafield ind1=" " ind2=" " tag="300"><subfield code="a">v.</subfield></datafield><datafield ind1=" " ind2=" " tag="310"><subfield code="a">Weekly</subfield></datafield><datafield ind1="0" ind2=" " tag="362"><subfield code="a">Vol. 1 (July 9, 1881)-</subfield></datafield><datafield ind1="1" ind2=" " tag="362"><subfield code="a">Ceased in Mar. 1884.</subfield></datafield><datafield ind1=" " ind2=" " tag="752"><subfield code="a">United States</subfield><subfield code="b">New Jersey</subfield><subfield code="c">Monmouth</subfield><subfield code="d">Belmar.</subfield></datafield><datafield ind1=" " ind2=" " tag="752"><subfield code="a">United States</subfield><subfield code="b">New Jersey</subfield><subfield code="c">Monmouth</subfield><subfield code="d">Ocean Beach.</subfield></datafield><datafield ind1="0" ind2="0" tag="785"><subfield code="t">Shore gazette</subfield><subfield code="w">(DLC)sn 92059923</subfield><subfield code="w">(OCoLC)25921189</subfield></datafield></record>